<record><leader>00000cas a22000007a 4500</leader><controlfield tag="001">14369855</controlfield><controlfield tag="008">861009d19uu1975txudn ne      0    0eng  </controlfield><datafield ind1=" " ind2=" " tag="010"><subfield code="a">sn 86072012 </subfield></datafield><datafield ind1=" " ind2=" " tag="040"><subfield code="a">DLC</subfield><subfield code="b">eng</subfield><subfield code="c">DLC</subfield><subfield code="d">PPM</subfield><subfield code="d">OCL</subfield><subfield code="d">PPM</subfield><subfield code="d">OBN</subfield><subfield code="d">DLC</subfield><subfield code="d">OCLCQ</subfield><subfield code="d">OCLCO</subfield><subfield code="d">OCLCQ</subfield><subfield code="d">OCLCF</subfield></datafield><datafield ind1=" " ind2=" " tag="019"><subfield code="a">13661511</subfield></datafield><datafield ind1="1" ind2=" " tag="029"><subfield code="a">AU@</subfield><subfield code="b">000026226427</subfield></datafield><datafield ind1=" " ind2=" " tag="042"><subfield code="a">msc</subfield></datafield><datafield ind1=" " ind2=" " tag="043"><subfield code="a">n-us-tx</subfield></datafield><datafield ind1="0" ind2="0" tag="050"><subfield code="a">Newspaper</subfield></datafield><datafield ind1="0" ind2="0" tag="245"><subfield code="a">Gainesville daily register and messenger.</subfield></datafield><datafield ind1="1" ind2="3" tag="246"><subfield code="a">Gainesville daily register</subfield></datafield><datafield ind1=" " ind2=" " tag="260"><subfield code="a">Gainesville, Tex. :</subfield><subfield code="b">Register Print. Co.</subfield></datafield><datafield ind1=" " ind2=" " tag="300"><subfield code="a">v. ;</subfield><subfield code="c">57 cm.</subfield></datafield><datafield ind1=" " ind2=" " tag="310"><subfield code="a">Daily (except Sun.)</subfield></datafield><datafield ind1="1" ind2=" " tag="362"><subfield code="a">Ceased Mar. 18, 1975.</subfield></datafield><datafield ind1=" " ind2=" " tag="500"><subfield code="a">Continues numbering of: Gainesville daily register.</subfield></datafield><datafield ind1=" " ind2=" " tag="500"><subfield code="a">"Cooke county Centennial" ed. published on Aug. 30, 1948.</subfield></datafield><datafield ind1=" " ind2=" " tag="500"><subfield code="a">"Democratic."</subfield></datafield><datafield ind1=" " ind2=" " tag="588"><subfield code="a">Description based on: Vol. 28, no. 68 (July 1, 1912).</subfield></datafield><datafield ind1=" " ind2="0" tag="651"><subfield code="a">Gainesville (Tex.)</subfield><subfield code="v">Newspapers.</subfield></datafield><datafield ind1=" " ind2="0" tag="651"><subfield code="a">Cooke County (Tex.)</subfield><subfield code="v">Newspapers.</subfield></datafield><datafield ind1=" " ind2="7" tag="655"><subfield code="a">Newspapers.</subfield><subfield code="2">fast</subfield><subfield code="0">(OCoLC)fst01423814</subfield></datafield><datafield ind1=" " ind2="7" tag="651"><subfield code="a">Texas</subfield><subfield code="z">Cooke County.</subfield><subfield code="2">fast</subfield><subfield code="0">(OCoLC)fst01207563</subfield></datafield><datafield ind1=" " ind2="7" tag="651"><subfield code="a">Texas</subfield><subfield code="z">Gainesville.</subfield><subfield code="2">fast</subfield><subfield code="0">(OCoLC)fst01220975</subfield></datafield><datafield ind1=" " ind2=" " tag="752"><subfield code="a">United States</subfield><subfield code="b">Texas</subfield><subfield code="c">Cooke</subfield><subfield code="d">Gainesville.</subfield></datafield><datafield ind1="0" ind2=" " tag="775"><subfield code="t">Gainesville weekly register and messenger</subfield><subfield code="w">(DLC)sn 86089023</subfield></datafield><datafield ind1="0" ind2="4" tag="780"><subfield code="t">Gainesville messenger</subfield><subfield code="w">(DLC)sn 86089058</subfield></datafield><datafield ind1="0" ind2="4" tag="780"><subfield code="t">Gainesville daily register</subfield><subfield code="w">(DLC)sn 86089059</subfield></datafield><datafield ind1="0" ind2="5" tag="780"><subfield code="t">Gainesville signal</subfield><subfield code="w">(DLC)sn 86089061</subfield></datafield><datafield ind1="0" ind2="0" tag="785"><subfield code="t">Gainesville daily register (Gainesville, Tex. : 1975)</subfield><subfield code="w">(DLC)sn 88083319</subfield></datafield></record>